@article{luong2015effective,
  title={Effective approaches to atib
tention-based neural machine translation},
  author={Luong, Minh-Thang and Pham, Hieu and Manning, Christopher D},
  journal={arXiv preprint arXiv:1508.04025},
  year={2015}
}

@article{hartmann2017portuguese,
  title={Portuguese word embeddings: Evaluating on word analogies and natural language tasks},
  author={Hartmann, Nathan and Fonseca, Erick and Shulby, Christopher and Treviso, Marcos and Rodrigues, Jessica and Aluisio, Sandra},
  journal={arXiv preprint arXiv:1708.06025},
  year={2017}
}
@article{lstm,
  title={Long short-term memory},
  author={Hochreiter, Sepp and Schmidhuber, J{\"u}rgen},
  journal={Neural computation},
  volume={9},
  number={8},
  pages={1735--1780},
  year={1997},
  publisher={MIT Press}
}

@article{srivastava2014dropout,
  title={Dropout: a simple way to prevent neural networks from overfitting},
  author={Srivastava, Nitish and Hinton, Geoffrey and Krizhevsky, Alex and Sutskever, Ilya and Salakhutdinov, Ruslan},
  journal={The journal of machine learning research},
  volume={15},
  number={1},
  pages={1929--1958},
  year={2014},
  publisher={JMLR. org}
}
