@article{luong2015effective,
  title={Effective approaches to atib
tention-based neural machine translation},
  author={Luong, Minh-Thang and Pham, Hieu and Manning, Christopher D},
  journal={arXiv preprint arXiv:1508.04025},
  year={2015}
}

@article{williams1989learning,
	title={A learning algorithm for continually running fully recurrent neural networks},
	author={Williams, Ronald J and Zipser, David},
	journal={Neural computation},
	volume={1},
	number={2},
	pages={270--280},
	year={1989},
	publisher={MIT Press}
}

@inproceedings{souza2020bertimbau,
	author    = {F{\'a}bio Souza and
	Rodrigo Nogueira and
	Roberto Lotufo},
	title     = {{BERT}imbau: pretrained {BERT} models for {B}razilian {P}ortuguese},
	booktitle = {9th Brazilian Conference on Intelligent Systems, {BRACIS}, Rio Grande do Sul, Brazil, October 20-23 (to appear)},
	year      = {2020}
}

@inproceedings{lin2004automatic,
	title={Automatic evaluation of machine translation quality using longest common subsequence and skip-bigram statistics},
	author={Lin, Chin-Yew and Och, Franz Josef},
	booktitle={Proceedings of the 42nd Annual Meeting of the Association for Computational Linguistics (ACL-04)},
	pages={605--612},
	year={2004}
}

@inproceedings{chen2014systematic,
	title={A systematic comparison of smoothing techniques for sentence-level bleu},
	author={Chen, Boxing and Cherry, Colin},
	booktitle={Proceedings of the Ninth Workshop on Statistical Machine Translation},
	pages={362--367},
	year={2014}
}